@online{wmonganweb,
    author = "Bill Mongan",
    title = "CS474: Human Computer Interaction: Online Tutor Assignment Page",
    url  = "https://www.billmongan.com/Ursinus-CS474-Spring2022/Assignments/Programming/Tutor",
    addendum = "(accessed: 04.06.2022)",
    keywords = "assignment,mongan"
}

@online{assignmentgithub,
    author = "Henry Wilt",
    title = "Online Tutor Assignment Code",
    url  = "https://github.com/hwilt/CS474/tree/main/Online_Tutor",
    addendum = "(accessed: 04.06.2022)",
    keywords = "assignment,github,hwilt"
}