@online{wmonganweb,
    author = "Bill Mongan",
    title = "CS474: Human Computer Interaction: Voice Prompts Assignment Page",
    url  = "https://www.billmongan.com/Ursinus-CS474-Spring2022/Assignments/Programming/VoicePrompt",
    addendum = "(accessed: 02.10.2022)",
    keywords = "assignment,mongan"
}

@online{assignmentgithub,
    author = "Henry Wilt",
    title = "Voice Prompts Assignment Code",
    url  = "https://github.com/hwilt/CS474/tree/main/Voice_Prompts",
    addendum = "(accessed: 02.10.2022)",
    keywords = "assignment,github,hwilt"
}
