@online{wmonganweb,
    author = "Bill Mongan",
    title = "CS474: Human Computer Interaction: Eye Track Assignment Page",
    url  = "https://www.billmongan.com/Ursinus-CS474-Spring2022/Assignments/Programming/AugmentedReality",
    addendum = "(accessed: 03.14.2022)",
    keywords = "assignment,mongan"
}

@online{assignmentgithub,
    author = "Henry Wilt",
    title = "Augmented Reality Assignment Code",
    url  = "https://github.com/hwilt/CS474/tree/main/Agumented_Reality",
    addendum = "(accessed: 03.14.2022)",
    keywords = "assignment,github,hwilt"
}
