@online{wmonganweb,
    author = "Bill Mongan",
    title = "CS474: Human Computer Interaction: Eye Track Assignment Page",
    url  = "https://www.billmongan.com/Ursinus-CS474-Spring2022/Assignments/Programming/EyeTracking",
    addendum = "(accessed: 02.25.2022)",
    keywords = "assignment,mongan"
}

@online{assignmentgithub,
    author = "Henry Wilt",
    title = "Eye Track Assignment Code",
    url  = "https://github.com/hwilt/CS474/tree/main/Eye_Tracking",
    addendum = "(accessed: 02.25.2022)",
    keywords = "assignment,github,hwilt"
}
