
@online{wmonganweb,
    author = "Bill Mongan",
    title = "Human Computer Interaction: Course Page",
    url  = "https://www.billmongan.com/Ursinus-CS474-Spring2022",
    addendum = "(accessed: 03.31.2022)",
}
@MISC{achievements,
    author = "Arthur Artene",
    title = {Handmade Achievements by Arthur},
    month = {March},
    year = {2022}
}