@ARTICLE{9349366,  author={Sardar, Ruhma and Anees, Tayyaba},  journal={IEEE Access},   title={Web of Things: Security Challenges and Mechanisms},   year={2021},  volume={9},  number={},  pages={31695-31711},  doi={10.1109/ACCESS.2021.3057655}}

@article{owidinternet,
    author = {Max Roser, Hannah Ritchie and Esteban Ortiz-Ospina},
    title = {Internet},
    journal = {Our World in Data},
    year = {2015},
    note = {https://ourworldindata.org/internet}
}

 @misc{auxier_rainie_anderson_perrin_kumar_turner_2020, title={Americans and privacy: Concerned, confused and feeling lack of control over their personal information}, url={https://www.pewresearch.org/internet/2019/11/15/americans-and-privacy-concerned-confused-and-feeling-lack-of-control-over-their-personal-information/}, journal={Pew Research Center: Internet, Science &amp; Tech}, publisher={Pew Research Center}, author={Auxier, Brooke and Rainie, Lee and Anderson, Monica and Perrin, Andrew and Kumar, Madhu and Turner, Erica}, year={2020}, month={Aug}} 
 
 @online{wmonganweb,
    author = "Bill Mongan",
    title = "CS474: Human Computer Interaction: Research Report",
    url  = "https://www.billmongan.com/Ursinus-CS474-Spring2022/Projects/Report",
    addendum = "(accessed: 04.05.2022)",
    keywords = "assignment,mongan"
}

@article{data_person,
    author = "IDG",
    title = "Data \& Analytics Survey",
    url = "https://cdn2.hubspot.net/hubfs/1624046/IDGE_Data_Analysis_2016_final.pdf",
    

}